@article{Dyer2013,
author = {Dyer, Robert and Nguyen, Hoan Anh and Rajan, Hridesh and Nguyen, Tien N.},
doi = {10.1109/ICSE.2013.6606588},
isbn = {9781467330763},
issn = {02705257},
journal = {Proceedings of the 36th International Conference on Software Engineering - ICSE 2014},
keywords = {ease of use,lower barrier to entry,mining,repository,reproducible,scalable,software},
number = {Section II},
pages = {422--431},
title = {{Boa: A language and infrastructure for analyzing ultra-large-scale software repositories}},
year = {2013}
}
@article{Fourment2008,
author = {Fourment, Mathieu and Gillings, Michael R},
doi = {10.1186/1471-2105-9-82},
issn = {1471-2105},
journal = {BMC Bioinformatics},
mendeley-groups = {MSR2016-Hotfixes},
number = {1},
pages = {82},
title = {{A comparison of common programming languages used in bioinformatics}},
volume = {9},
year = {2008}
}
@inproceedings{Hattori2008,
author = {Hattori, Lile P. and Lanza, Michele},
booktitle = {2008 23rd IEEE/ACM International Conference on Automated Software Engineering - Workshops},
doi = {10.1109/ASEW.2008.4686322},
isbn = {978-1-4244-2776-5},
month = {sep},
pages = {63--71},
publisher = {IEEE},
title = {{On the nature of commits}},
year = {2008}
}
@inproceedings{Hindle2008,
address = {New York, New York, USA},
author = {Hindle, Abram and German, Daniel M and Holt, Ric},
booktitle = {Proceedings of the 2008 international workshop on Mining software repositories - MSR '08},
doi = {10.1145/1370750.1370773},
isbn = {9781605580241},
keywords = {D29 [Software Engineering],Distribution,Maintenance,Man-agementâ€”Life cycle,Measurement,Software Evolution,Source Control System,Verification Keywords Large Commits,and Enhancement},
pages = {99},
publisher = {ACM Press},
title = {{What Do Large Commits Tell Us? A taxonomical study of large commits}},
year = {2008}
}
@inproceedings{Kolassa2013,
address = {New York, New York, USA},
author = {Kolassa, Carsten and Riehle, Dirk and Salim, Michel A},
booktitle = {Proceedings of the 9th International Symposium on Open Collaboration - WikiSym '13},
doi = {10.1145/2491055.2491073},
isbn = {9781450318525},
pages = {1--8},
publisher = {ACM Press},
title = {{The empirical commit frequency distribution of open source projects}},
year = {2013}
}
@inproceedings{Livshits2005,
author = {Livshits, Benjamin and Zimmermann, Thomas},
booktitle = {ESEC/FSE-13 Proceedings of the 10th European software engineering conference held jointly with 13th ACM SIGSOFT international symposium on Foundations of software engineering},
doi = {10.1145/1095430.1081754},
issn = {01635948},
month = {sep},
number = {5},
pages = {296--305},
title = {{DynaMine: Finding Common Error Patterns by Mining Software Revision Histories}},
volume = {30},
year = {2005}
}
@inproceedings{Mockus2000,
author = {Mockus and Votta},
booktitle = {Proceedings International Conference on Software Maintenance ICSM-94},
doi = {10.1109/ICSM.2000.883028},
isbn = {0-8186-6330-8},
mendeley-groups = {MSR2016-Hotfixes},
pages = {120--130},
publisher = {IEEE Comput. Soc. Press},
title = {{Identifying reasons for software changes using historic databases}},
year = {2000}
}

@inproceedings{Nanz2015,
archivePrefix = {arXiv},
arxivId = {arXiv:1409.0252v2},
author = {Nanz, Sebastian and Furia, Carlo A.},
booktitle = {Proceedings of the 37th International Conference on Software Engineering (ICSE'15)},
doi = {10.1109/ICSE.2015.90},
isbn = {9781479919345},
issn = {02705257},
pages = {778--788},
title = {{A comparative study of programming languages in Rosetta code}},
year = {2015}
}
@inproceedings{Oliva2013,
address = {New York, New York, USA},
author = {Oliva, Gustavo Ansaldi and Steinmacher, Igor and Wiese, Igor and Gerosa, Marco Aur{\'{e}}lio},
booktitle = {Proceedings of the 2013 International Workshop on Principles of Software Evolution - IWPSE 2013},
doi = {10.1145/2501543.2501547},
isbn = {9781450323116},
pages = {18},
publisher = {ACM Press},
title = {{What can commit metadata tell us about design degradation?}},
year = {2013}
}
@inproceedings{Phillips2011,
address = {New York, New York, USA},
author = {Phillips, Shaun and Sillito, Jonathan and Walker, Rob},
booktitle = {Proceeding of the 4th international workshop on Cooperative and human aspects of software engineering - CHASE '11},
doi = {10.1145/1984642.1984645},
isbn = {9781450305761},
pages = {9},
publisher = {ACM Press},
title = {{Branching and merging}},
year = {2011}
}
@article{Phipps1999,
author = {Phipps, Geoffrey},
doi = {10.1002/(SICI)1097-024X(19990410)29:4<345::AID-SPE238>3.0.CO;2-C},
issn = {0038-0644},
journal = {Software: Practice and Experience},
month = {apr},
number = {4},
pages = {345--358},
title = {{Comparing observed bug and productivity rates for Java and C++}},
volume = {29},
year = {1999}
}
@article{Prechelt2000,
author = {Prechelt, L.},
doi = {10.1109/2.876288},
issn = {00189162},
journal = {Computer},
number = {10},
pages = {23--29},
title = {{An empirical comparison of seven programming languages}},
volume = {33},
year = {2000}
}
@inproceedings{Ratzinger2008,
address = {New York, New York, USA},
author = {Ratzinger, Jacek and Sigmund, Thomas and Gall, Harald C},
booktitle = {Proceedings of the 2008 international workshop on Mining software repositories - MSR '08},
doi = {10.1145/1370750.1370759},
isbn = {9781605580241},
pages = {35},
publisher = {ACM Press},
title = {{On the relation of refactorings and software defect prediction}},
year = {2008}
}
@inproceedings{Ray2014,
address = {New York, New York, USA},
author = {Ray, Baishakhi and Posnett, Daryl and Filkov, Vladimir and Devanbu, Premkumar},
booktitle = {Proceedings of the 22nd ACM SIGSOFT International Symposium on Foundations of Software Engineering - FSE 2014},
doi = {10.1145/2635868.2635922},
isbn = {9781450330565},
pages = {155--165},
publisher = {ACM Press},
title = {{A large scale study of programming languages and code quality in github}},
year = {2014}
}
