@inproceedings{Dyer-Nguyen-Rajan-Nguyen-13,
	author = {Dyer, Robert and Nguyen, Hoan Anh and Rajan, Hridesh and Nguyen, Tien N.},
	title = {Boa: A Language and Infrastructure for Analyzing Ultra-Large-Scale Software Repositories}, 
	booktitle = {35th International Conference on Software Engineering},
	series = {ICSE 2013},
	year = {2013},
	pages = {422--431},
	location = {San Francisco, CA},
}

@article{Fourment2008,
author = {Fourment, Mathieu and Gillings, Michael R},
journal = {BMC Bioinformatics},
number = {1},
pages = {82},
title = {{A comparison of common programming languages used in bioinformatics}},
volume = {9},
year = {2008}
}
@inproceedings{Hattori2008,
author = {Hattori, Lile P. and Lanza, Michele},
booktitle = {2008 23rd IEEE/ACM International Conference on Automated Software Engineering - Workshops},
pages = {63--71},
title = {{On the nature of commits}},
year = {2008}
}
@inproceedings{Hindle2008,
author = {Hindle, Abram and German, Daniel M and Holt, Ric},
booktitle = {Proceedings of the 2008 international workshop on Mining software repositories - MSR '08},
pages = {99},
title = {{What Do Large Commits Tell Us? A taxonomical study of large commits}},
year = {2008}
}
@inproceedings{Kolassa2013,
author = {Kolassa, Carsten and Riehle, Dirk and Salim, Michel A},
booktitle = {Proceedings of the 9th International Symposium on Open Collaboration - WikiSym '13},
pages = {1--8},
title = {{The empirical commit frequency distribution of open source projects}},
year = {2013}
}
@inproceedings{Livshits2005,
author = {Livshits, Benjamin and Zimmermann, Thomas},
booktitle = {ESEC/FSE-13 Proceedings of the 10th European software engineering conference held jointly with 13th ACM SIGSOFT international symposium on Foundations of software engineering},
number = {5},
pages = {296--305},
title = {{DynaMine: Finding Common Error Patterns by Mining Software Revision Histories}},
volume = {30},
year = {2005}
}
@inproceedings{Mockus2000,
author = {Mockus and Votta},
booktitle = {Proceedings International Conference on Software Maintenance ICSM-94},
mendeley-groups = {MSR2016-Hotfixes},
pages = {120--130},
title = {{Identifying reasons for software changes using historic databases}},
year = {2000}
}

@inproceedings{Nanz2015,
author = {Nanz, Sebastian and Furia, Carlo A.},
booktitle = {Proceedings of the 37th International Conference on Software Engineering (ICSE'15)},
pages = {778--788},
title = {{A comparative study of programming languages in Rosetta code}},
year = {2015}
}
@inproceedings{Oliva2013,
author = {Oliva, Gustavo Ansaldi and Steinmacher, Igor and Wiese, Igor and Gerosa, Marco Aur{\'{e}}lio},
booktitle = {Proceedings of the 2013 International Workshop on Principles of Software Evolution - IWPSE 2013},
pages = {18},
title = {{What can commit metadata tell us about design degradation?}},
year = {2013}
}
@inproceedings{Phillips2011,
author = {Phillips, Shaun and Sillito, Jonathan and Walker, Rob},
booktitle = {Proceeding of the 4th international workshop on Cooperative and human aspects of software engineering - CHASE '11},
pages = {9},
title = {{Branching and merging}},
year = {2011}
}
@article{Phipps1999,
author = {Phipps, Geoffrey},
journal = {Software: Practice and Experience},
number = {4},
pages = {345--358},
title = {{Comparing observed bug and productivity rates for Java and C++}},
volume = {29},
year = {1999}
}
@article{Prechelt2000,
author = {Prechelt, L.},
journal = {Computer},
number = {10},
pages = {23--29},
title = {{An empirical comparison of seven programming languages}},
volume = {33},
year = {2000}
}
@inproceedings{Ratzinger2008,
author = {Ratzinger, Jacek and Sigmund, Thomas and Gall, Harald C},
booktitle = {Proceedings of the 2008 international workshop on Mining software repositories - MSR '08},
pages = {35},
title = {{On the relation of refactorings and software defect prediction}},
year = {2008}
}
@inproceedings{Ray2014,
author = {Ray, Baishakhi and Posnett, Daryl and Filkov, Vladimir and Devanbu, Premkumar},
booktitle = {Proceedings of the 22nd ACM SIGSOFT International Symposium on Foundations of Software Engineering - FSE 2014},
pages = {155--165},
title = {{A large scale study of programming languages and code quality in github}},
year = {2014}
}
@inproceedings{Williams2008,
	author = {Williams, Chadd C. and Spacco, Jaime W.},
	booktitle = {Proceedings of the 2008 international workshop on Mining software repositories - MSR '08},
	pages = {19},
	title = {{Branching and merging in the repository}},
	year = {2008}
}

@inproceedings{Steff2012,
	author = {Steff, Maximilian and Russo, Barbara},
	booktitle = {2012 9th IEEE Working Conference on Mining Software Repositories (MSR)},
	pages = {213--216},
	title = {{Co-evolution of logical couplings and commits for defect estimation}},
	year = {2012}
}

@inproceedings{Agrawal2015,
	author = {Agrawal, Kapil and Amreen, Sadika and Mockus, Audris},
	booktitle = {2015 IEEE/ACM 1st International Workshop on Software Engineering for High Performance Computing in Science},
	pages = {24--29},
	title = {{Commit Quality in Five High Performance Computing Projects}},
	year = {2015}
}

